
@article{ipv4,
    author = {Paper, An IEEE-USA White},
    pages = {1--26},
    title = {{Next Generation Internet : IPv4 Address Exhaustion , Mitigation Strategies and Implications for the U. S.}},
    year = {2009}
}

@article{ambulant,
    author = {Bulterman, Dick C a and Jansen, a J and Cesar, Pablo},
    journal = {Framework},
    title = {{Video on the Web: Experiences from SMIL and from the Ambulant Annotator}}
}

@article{sigofly,
    author = {Chainho, Paulo and Haensge, Kay and Druesedow, Steffen and Maruschke, Michael},
    isbn = {9781479918669},
    keywords = {ims,service architecture,signalling,webrtc},
    pages = {1--8},
    title = {{Signalling-On-the-fly : SigOfly WebRTC Interoperability tested in contradictive Deployment Scenarios}},
    year = {2015}
}

@article{bosh,
    author = {Paterson, Ian and Smith, Dave and Saint-Andre, P. and Moffitt, Jack},
    journal = {XMPP Standards Foundation},
    title = {{XEP-0124: Bidirectional-streams Over Synchronous HTTP (BOSH)}},
    url = {http://xmpp.org/extensions/xep-0124.pdf},
    year = {2010}
}

@article{duplex,
    author = {Rakhunde, Shruti M},
    keywords = {- http polling,html5,http long polling,websocket},
    pages = {15--19},
    title = {{Real Time Data Communication over Full Duplex Network Using Websocket}},
    volume = {2014},
    year = {2014}
}

@article{embedded,
    author = {Gradvohl, Andr\'{e} Leon S and Iano, Yuzo},
    number = {8},
    pages = {579--584},
    title = {{Combinando TV Interativa e Hiperv\'{\i}deo}},
    volume = {5},
    year = {2007}
}


@article{flashvideo,
    author = {McAlarney, John and Haddad, Rami and McGarry, Michael P.},
    doi = {10.1109/EMS.2010.68},
    isbn = {9780769543086},
    journal = {Proceedings - UKSim 4th European Modelling Symposium on Computer Modelling and Simulation, EMS2010},
    keywords = {Flash video,Modeling,Multimedia,RTMP,Video},
    pages = {375--380},
    title = {{Modeling network protocol overhead for video}},
    year = {2010}
}

@article{hitchcock,
    author = {Shipman, F. and Girgensohn, a. and Wilcox, L.},
    doi = {10.1109/ICME.2003.1221726},
    isbn = {0-7803-7965-9},
    issn = {1945788X},
    journal = {2003 International Conference on Multimedia and Expo. ICME '03. Proceedings (Cat. No.03TH8698)},
    pages = {1--4},
    pmid = {1221726},
    title = {{Creating navigable multi-level video summaries}},
    volume = {2},
    year = {2003}
}

@article{hypercafe,
    author = {Balcom, David},
    pages = {30--39},
    title = {{Authoring and Navigating Video in Space and Time}},
    year = {1997}
}

@article{hypercafe2,
    author = {Sawhney, Nitin and Balcom, David and Smith, Ian},
    doi = {10.1145/234828.234829},
    isbn = {0897917782},
    issn = {0897917782},
    journal = {Proceedings of the the seventh ACM conference on Hypertext HYPERTEXT 96},
    pages = {1--10},
    title = {{HyperCafe: Narrative and Aesthetic Properties of Hypervideo}},
    url = {http://portal.acm.org/citation.cfm?doid=234828.234829},
    volume = {22},
    year = {1996}
}

@article{hyval,
    author = {Zhou, Tina T and Jin, Jesse S},
    keywords = {1,2,3,4,can,hypecafe,hyper-film,hypersoap,many multimedia authoring tools,or text from narration,quickly access a given,section within the video,so that the viewer,such as},
    title = {{A Structured Document Model for Authoring Video-based Hypermedia}},
    year = {2005}
}


@techreport{interactive_stream,
 author = {Mauve, Martin and Hilt, Volker and Kuhmunch, Christoph and Effelsberg, Wolfgang},
 title = {A General Framework and Communication Protocol for the Real-Time Transmission of Interactive Media},
 year = {1998},
 source = {http://www.ncstrl.org:8900/ncstrl/servlet/search?formname=detail\&id=oai%3Ancstrlh%3Aumannheim_cs%3Ancstrl.umannheim_cs%2F%2FTR-98-016},
 publisher = {University of Mannheim},
} 


@article{jitsi,
    author = {Ivov, Emil},
    keywords = {hangouts,multi-party conferences,video conferencing,voip,xmpp},
    pages = {1--8},
    title = {{Hangout-like Video Conferences with Jitsi Videobridge and XMPP}},
    year = {2013}
}


@article{natvoip,
    author = {Lin, Ying Dar and Tseng, Chien Chao and Ho, Cheng Yuan and Wu, Yu Hsien},
    doi = {10.1109/MCOM.2010.5673073},
    issn = {01636804},
    journal = {IEEE Communications Magazine},
    number = {December},
    pages = {58--65},
    title = {{How NAT-compatible are VoIP applications?}},
    volume = {48},
    year = {2010}
}

@article{smil,
    author = {A, Dick C and Bulterman, Dca},
    journal = {Structure},
    pages = {82--88},
    title = {{Standards SMIL 2.0}},
    url = {http://scholar.google.com/scholar?hl=en\&btnG=Search\&q=intitle:Standards+SMIL+2.0\#1},
    year = {2001}
}

@article{smillingweb,
    author = {Gaggi, Ombretta and Danese, Luca},
    journal = {Proc. of the 17th International Conference on Distributed Multimedia Systems (DMS 2011)},
    pages = {114--119},
    title = {{A SMIL player for any web browser}},
    year = {2011}
}

@TechReport{smil3,
  author      = "Dick Bulterman",
  title       = "Synchronized Multimedia Integration Language ({SMIL} 3.0)",
  month       = dec,
  note        = "http://www.w3.org/TR/2008/REC-SMIL3-20081201/",
  year        = "2008",
  bibsource   = "http://w2.syronex.com/jmr/w3c-biblio",
  type        = "{W3C} Recommendation",
  institution = "W3C",
}

 1998
}

@incollection{interactive_record,
    year={1999},
    isbn={978-3-540-66595-3},
    booktitle={Interactive Distributed Multimedia Systems and Telecommunication Services},
    volume={1718},
    series={Lecture Notes in Computer Science},
    editor={Diaz, Michel and Owezarski, Philippe and Sénac, Patrick},
    doi={10.1007/3-540-48109-5_24},
    title={A Generic Scheme for the Recording of Interactive Media Streams},
    url={http://dx.doi.org/10.1007/3-540-48109-5_24},
    publisher={Springer Berlin Heidelberg},
    author={Hilt, Volker and Mauve, Martin and Kuhmünch, Christoph and Effelsberg, Wolfgang},
    pages={291-304},
    language={English}
}

@misc{rfc3489,
  author="J. Rosenberg and J. Weinberger and C. Huitema and R. Mahy",
  title="{STUN - Simple Traversal of User Datagram Protocol (UDP) Through Network Address Translators (NATs)}",
  series="Request for Comments",
  number="3489",
  howpublished="RFC 3489 (Proposed Standard)",
  publisher="IETF",
  organization="Internet Engineering Task Force",
  year=2003,
  month=mar,
    note="Obsoleted by RFC 5389",
  url="http://www.ietf.org/rfc/rfc3489.txt",
}

@misc{rfc4566,
  author="M. Handley and V. Jacobson and C. Perkins",
  title="{SDP: Session Description Protocol}",
  series="Request for Comments",
  number="4566",
  howpublished="RFC 4566 (Proposed Standard)",
  publisher="IETF",
  organization="Internet Engineering Task Force",
  year=2006,
  month=jul,
    url="http://www.ietf.org/rfc/rfc4566.txt",
}

@misc{rfc6455,
  author="I. Fette and A. Melnikov",
  title="{The WebSocket Protocol}",
  series="Request for Comments",
  number="6455",
  howpublished="RFC 6455 (Proposed Standard)",
  publisher="IETF",
  organization="Internet Engineering Task Force",
  year=2011,
  month=dec,
    url="http://www.ietf.org/rfc/rfc6455.txt",
}

@misc{rfc3261,
  author="J. Rosenberg and H. Schulzrinne and G. Camarillo and A. Johnston and J. Peterson and R. Sparks and M. Handley and E. Schooler",
  title="{SIP: Session Initiation Protocol}",
  series="Request for Comments",
  number="3261",
  howpublished="RFC 3261 (Proposed Standard)",
  publisher="IETF",
  organization="Internet Engineering Task Force",
  year=2002,
  month=jun,
    note="Updated by RFCs 3265, 3853, 4320, 4916, 5393, 5621, 5626, 5630, 5922, 5954, 6026, 6141",
  url="http://www.ietf.org/rfc/rfc3261.txt",
}

@misc{rfc5263,
  author="M. Lonnfors and J. Costa-Requena and E. Leppanen and H. Khartabil",
  title="{Session Initiation Protocol (SIP) Extension for Partial Notification of Presence Information}",
  series="Request for Comments",
  number="5263",
  howpublished="RFC 5263 (Proposed Standard)",
  publisher="IETF",
  organization="Internet Engineering Task Force",
  year=2008,
  month=sep,
    url="http://www.ietf.org/rfc/rfc5263.txt",
}

@misc{rfc3428,
  author="B. Campbell and J. Rosenberg and H. Schulzrinne and C. Huitema and D. Gurle",
  title="{Session Initiation Protocol (SIP) Extension for Instant Messaging}",
  series="Request for Comments",
  number="3428",
  howpublished="RFC 3428 (Proposed Standard)",
  publisher="IETF",
  organization="Internet Engineering Task Force",
  year=2002,
  month=dec,
    url="http://www.ietf.org/rfc/rfc3428.txt",
}

@misc{rfc7395,
  author="L. Stout and J. Moffitt and E. Cestari",
  title="{An Extensible Messaging and Presence Protocol (XMPP) Subprotocol for WebSocket}",
  series="Request for Comments",
  number="7395",
  howpublished="RFC 7395 (Proposed Standard)",
  publisher="IETF",
  organization="Internet Engineering Task Force",
  year=2014,
  month=oct,
    url="http://www.ietf.org/rfc/rfc7395.txt",
}

@misc{rfc3550,
  author="H. Schulzrinne and S. Casner and R. Frederick and V. Jacobson",
  title="{RTP: A Transport Protocol for Real-Time Applications}",
  series="Request for Comments",
  number="3550",
  howpublished="RFC 3550 (Standard)",
  publisher="IETF",
  organization="Internet Engineering Task Force",
  year=2003,
  month=jul,
    note="Updated by RFCs 5506, 5761, 6051, 6222",
  url="http://www.ietf.org/rfc/rfc3550.txt",
}

@misc{rfc3551,
  author="H. Schulzrinne and S. Casner",
  title="{RTP Profile for Audio and Video Conferences with Minimal Control}",
  series="Request for Comments",
  number="3551",
  howpublished="RFC 3551 (Standard)",
  publisher="IETF",
  organization="Internet Engineering Task Force",
  year=2003,
  month=jul,
    note="Updated by RFC 5761",
  url="http://www.ietf.org/rfc/rfc3551.txt",
}


@misc{xep0096,
  author="T. Muldowney and M. Miller and R. Eatmon and P. Saint-Andre",
  title="{SI File Transfer}",
  series="XMPP Extension Protocols",
  number="0096",
  howpublished="XEP-0096 (Draft)",
  publisher="XSF",
  organization="XMPP Standards Foundation",
  year=2004,
  month=apr,
  url="http://www.xmpp.org/extensions/xep-0096.html",
}

@misc{xep0045,
  author="P. Saint-Andre",
  title="{Multi-User Chat}",
  series="XMPP Extension Protocols",
  number="0045",
  howpublished="XEP-0045 (Draft)",
  publisher="XSF",
  organization="XMPP Standards Foundation",
  year=2012,
  month=feb,
  url="http://www.xmpp.org/extensions/xep-0045.html",
}




@misc{xep0206,
  author="I. Paterson and P. Saint-Andre and L. Stout and W. Tilanus",
  title="{XMPP Over BOSH}",
  series="XMPP Extension Protocols",
  number="0206",
  howpublished="XEP-0206 (Draft)",
  publisher="XSF",
  organization="XMPP Standards Foundation",
  year=2014,
  month=apr,
  url="http://www.xmpp.org/extensions/xep-0206.html",
}

@misc{xep0124,
  author="I. Paterson and D. Smith and P. Saint-Andre and J. Moffitt and L. Stout and W. Tilanus",
  title="{Bidirectional-streams Over Synchronous HTTP (BOSH)}",
  series="XMPP Extension Protocols",
  number="0124",
  howpublished="XEP-0124 (Draft)",
  publisher="XSF",
  organization="XMPP Standards Foundation",
  year=2014,
  month=apr,
  url="http://www.xmpp.org/extensions/xep-0124.html",
}

@misc{xep0340,
  author="Emil Ivov and Lyubomir Marinov and Philipp Hancke",
  title="{COnferences with LIghtweight BRIdging (COLIBRI)}",
  series="XMPP Extension Protocols",
  number="0340",
  howpublished="XEP-0340 (Experimental)",
  publisher="XSF",
  organization="XMPP Standards Foundation",
  year=2014,
  month=jan,
  url="http://www.xmpp.org/extensions/xep-0340.html",
}




